@article{ye2019dynamic,
  title={Dynamic study of a predator-prey model with Allee effect and Holling type-I functional response},
  author={Ye, Yong and Liu, Hua and Wei, Yumei and Zhang, Kai and Ma, Ming and Ye, Jianhua},
  journal={Advances in Difference Equations},
  volume={2019},
  number={1},
  pages={369},
  year={2019},
  publisher={Springer},
  issn={1687-1847},
  doi={10.1186/s13662-019-2311-1},
  url={https://doi.org/10.1186/s13662-019-2311-1},
}