@misc{zhou2018fenchel,
      title={On the Fenchel Duality between Strong Convexity and Lipschitz Continuous Gradient}, 
      author={Xingyu Zhou},
      year={2018},
      eprint={1803.06573},
      archivePrefix={arXiv},
      primaryClass={math.OC}
}